@article{flesch1948new,
  title={A new readability yardstick.},
  author={Flesch, Rudolph},
  journal={Journal of applied psychology},
  volume={32},
  number={3},
  pages={221},
  year={1948},
  publisher={American Psychological Association}
}

@book{chall1995readability,
  title={Readability revisited: The new Dale-Chall readability formula},
  author={Chall, Jeanne Sternlicht and Dale, Edgar},
  year={1995},
  publisher={Brookline Books}
}

@article{albright1996readability,
  title={Readability of patient education materials: implications for clinical practice},
  author={Albright, Judith and de Guzman, Carol and Acebo, Patrick and Paiva, Dorothy and Faulkner, Mary and Swanson, Janice},
  journal={Applied Nursing Research},
  volume={9},
  number={3},
  pages={139--143},
  year={1996},
  publisher={Elsevier}
}

@inproceedings{pera2014automating,
  title={Automating readers' advisory to make book recommendations for K-12 readers},
  author={Pera, Maria Soledad and Ng, Yiu-Kai},
  booktitle={Proceedings of the 8th ACM Conference on Recommender systems},
  pages={9--16},
  year={2014},
  organization={ACM}
}

@inproceedings{gonzalez2014simple,
  title={Simple or Complex? Assessing the readability of Basque texts},
  author={Gonzalez-Dios, Itziar and Aranzabe, Mar{\i}a Jes{\'u}s and de Ilarraza, Arantza D{\i}az and Salaberri, Haritz},
  booktitle={Proceedings of COLING},
  volume={2014},
  year={2014}
}

@inproceedings{chen2011chinese,
  title={Chinese readability assessment using TF-IDF and SVM},
  author={Chen, Yaw-Huei and Tsai, Yi-Han and Chen, Yu-Ta},
  booktitle={Machine Learning and Cybernetics (ICMLC), 2011 International Conference on},
  volume={2},
  pages={705--710},
  year={2011},
  organization={IEEE}
}

@inproceedings{collins2004language,
  title={A Language Modeling Approach to Predicting Reading Difficulty.},
  author={Collins-Thompson, Kevyn and Callan, James P},
  booktitle={HLT-NAACL},
  pages={193--200},
  year={2004}
}

@article{feng2009automatic,
  title={Automatic readability assessment for people with intellectual disabilities},
  author={Feng, Lijun},
  journal={ACM SIGACCESS Accessibility and Computing},
  number={93},
  pages={84--91},
  year={2009},
  publisher={ACM}
}

@inproceedings{feng2010comparison,
  title={A comparison of features for automatic readability assessment},
  author={Feng, Lijun and Jansche, Martin and Huenerfauth, Matt and Elhadad, No{\'e}mie},
  booktitle={Proceedings of the 23rd International Conference on Computational Linguistics: Posters},
  pages={276--284},
  year={2010},
  organization={Association for Computational Linguistics}
}

@inproceedings{aluisio2010readability,
  title={Readability assessment for text simplification},
  author={Aluisio, Sandra and Specia, Lucia and Gasperin, Caroline and Scarton, Carolina},
  booktitle={Proceedings of the NAACL HLT 2010 Fifth Workshop on Innovative Use of NLP for Building Educational Applications},
  pages={1--9},
  year={2010},
  organization={Association for Computational Linguistics}
}

@inproceedings{al2008towards,
  title={Towards the development of an automatic readability measurements for Arabic language},
  author={Al-Ajlan, Amani A and Al-Khalifa, Hend S and Al-Salman, A},
  booktitle={Digital Information Management, 2008. ICDIM 2008. Third International Conference on},
  pages={506--511},
  year={2008},
  organization={IEEE}
}

@inproceedings{dell2011read,
  title={Read-it: Assessing readability of italian texts with a view to text simplification},
  author={Dell'Orletta, Felice and Montemagni, Simonetta and Venturi, Giulia},
  booktitle={Proceedings of the second workshop on speech and language processing for assistive technologies},
  pages={73--83},
  year={2011},
  organization={Association for Computational Linguistics}
}

@inproceedings{franccois2012ai,
  title={An AI readability formula for French as a foreign language},
  author={Fran{\c{c}}ois, Thomas and Fairon, C{\'e}drick},
  booktitle={Proceedings of the 2012 Joint Conference on Empirical Methods in Natural Language Processing and Computational Natural Language Learning},
  pages={466--477},
  year={2012},
  organization={Association for Computational Linguistics}
}

@inproceedings{alegria2002robustness,
  title={Robustness and customisation in an analyser/lemmatiser for Basque},
  author={Alegria, Inaki and Aranzabe, M and Ezeiza, Aitzol and Ezeiza, Nerea and Urizar, Ruben},
  booktitle={Proceedings of Workshop on" Customizing knowledge in NLP applications". Third International Conference on Language Resources and Evaluation},
  year={2002}
}

@inproceedings{aduriz2003finite,
  title={Finite state applications for basque},
  author={Aduriz, Itziar and Aldezabal, Izaskun and Alegria, Inaki and Arriola, J and Diaz de Ilarraza, A and Ezeiza, Nerea and Gojenola, Koldo},
  booktitle={Proceedings of EACL'2003 Workshop on Finite-State Methods in Natural Language Processing. Budapest},
  pages={13--14},
  year={2003}
}

@inproceedings{alegria2004representation,
  title={Representation and treatment of multiword expressions in Basque},
  author={Alegria, Inaki and Ansa, Olatz and Artola, Xabier and Ezeiza, Nerea and Gojenola, Koldo and Urizar, Ruben},
  booktitle={Proceedings of the Workshop on Multiword Expressions: Integrating Processing},
  pages={48--55},
  year={2004},
  organization={Association for Computational Linguistics}
}

@article{alegria2004design,
  title={Design and development of a named entity recognizer for an agglutinative language},
  author={Alegria, Inaki and Arregi, Olatz and Balza, Irene and Ezeiza, Nerea and Fernandez, Izaskun and Urizar, Ruben},
  journal={IJCNLP-04},
  year={2004},
  publisher={Citeseer}
}

@incollection{aduriz2004cascaded,
  title={A cascaded syntactic analyser for Basque},
  author={Aduriz, Itziar and Aranzabe, Maxux J and Arriola, Jose Maria and de Ilarraza, Arantza D{\'\i}az and Gojenola, Koldo and Oronoz, Maite and Uria, Larraitz},
  booktitle={Computational Linguistics and Intelligent Text Processing},
  pages={124--134},
  year={2004},
  publisher={Springer}
}

@article{aranzabe2013transforming,
  title={Transforming complex sentences using dependency trees for automatic text simplification in Basque},
  author={Aranzabe, Mar{\'\i}a Jes{\'u}s and De Ilarraza, Arantza D{\'\i}az and Gonzalez-Dios, Itziar},
  journal={Procesamiento del lenguaje natural},
  volume={50},
  pages={61--68},
  year={2013}
}

@incollection{gonzalez2013detecting,
  title={Detecting apposition for text simplification in basque},
  author={Gonzalez-Dios, Itziar and Aranzabe, Mar{\'\i}a Jes{\'u}s and de Ilarraza, Arantza D{\'\i}az and Soraluze, Ander},
  booktitle={Computational Linguistics and Intelligent Text Processing},
  pages={513--524},
  year={2013},
  publisher={Springer}
}

@inproceedings{bengoetxea2010application,
  title={Application of different techniques to dependency parsing of Basque},
  author={Bengoetxea, Kepa and Gojenola, Koldo},
  booktitle={Proceedings of the NAACL HLT 2010 First Workshop on Statistical Parsing of Morphologically-Rich Languages},
  pages={31--39},
  year={2010},
  organization={Association for Computational Linguistics}
}

@article{miller1995wordnet,
  title={WordNet: a lexical database for English},
  author={Miller, George A},
  journal={Communications of the ACM},
  volume={38},
  number={11},
  pages={39--41},
  year={1995},
  publisher={ACM}
}

@inproceedings{agirre2002methodological,
  title={Methodological issues in the building of the basque wordnet: quantitative and qualitative analysis},
  author={Agirre, Eneko and Ansa, Olatz and Arregi, Xabier and Arriola, Jose Mari and de Ilarraza, A Diaz and Pociello, Eli and Uria, Larraitz},
  booktitle={Proceedings of the first International WordNet Conference in Mysore, India},
  pages={21--25},
  year={2002},
  organization={Citeseer}
}

@article{shannon2001mathematical,
  title={A mathematical theory of communication},
  author={Shannon, Claude Elwood},
  journal={ACM SIGMOBILE Mobile Computing and Communications Review},
  volume={5},
  number={1},
  pages={3--55},
  year={2001},
  publisher={ACM}
}

@article{deerwester1990indexing,
  title={Indexing by latent semantic analysis},
  author={Deerwester, Scott C. and Dumais, Susan T and Landauer, Thomas K. and Furnas, George W. and Harshman, Richard A.},
  journal={JAsIs},
  volume={41},
  number={6},
  pages={391--407},
  year={1990}
}

@book{landauer2013handbook,
  title={Handbook of latent semantic analysis},
  author={Landauer, Thomas K and McNamara, Danielle S and Dennis, Simon and Kintsch, Walter},
  year={2013},
  publisher={Psychology Press}
}
@article{irani1993multi,
  title={Multi-interval discretization of continuous-valued attributes for classification learning},
  author={Irani, Keki B},
  year={1993}
}

@article{hall1998practical,
  title={Practical feature subset selection for machine learning},
  author={Hall, Mark A and Smith, Lloyd A},
  year={1998},
  publisher={Springer}
}

@book{frank2001simple,
  title={A simple approach to ordinal classification},
  author={Frank, Eibe and Hall, Mark},
  year={2001},
  publisher={Springer}
}

@incollection{ling2010cost,
  title={Cost-sensitive learning},
  author={Ling, Charles X and Sheng, Victor S},
  booktitle={Encyclopedia of Machine Learning},
  pages={231--235},
  year={2010},
  publisher={Springer}
}