@article{robinson2000issues,
  title={Issues and trends in literacy education},
  author={Robinson, Richard D and McKenna, Michael C and Wedman, Judy M},
  year={2000},
  publisher={ERIC}
}

@article{imadrazo2016readability,
  title={Steps towards multilingual readability assessment tool},
  author={Madrazo, Ion and Pera, Sole},
  year={In press},
  publisher={In process}
}

@article{denning2015readability,
  title={A readability level prediction tool for K-12 books},
  author={Denning, Joel and Pera, Maria Soledad and Ng, Yiu-Kai},
  journal={Journal of the Association for Information Science and Technology},
  year={2015},
  publisher={Wiley Online Library}
}

@article{flesch1948new,
  title={A new readability yardstick.},
  author={Flesch, Rudolph},
  journal={Journal of applied psychology},
  volume={32},
  number={3},
  pages={221},
  year={1948},
  publisher={}
  }
  
  @article{gunning1952technique,
  title={$\{$The Technique of Clear Writing$\}$},
  author={Gunning, Robert},
  year={1952},
  publisher={McGraw-Hill, New York}
}

@inproceedings{pera2014automating,
  title={Automating readers' advisory to make book recommendations for K-12 readers},
  author={Pera, Maria Soledad and Ng, Yiu-Kai},
  booktitle={Proceedings of the 8th ACM Conference on Recommender systems},
  pages={9--16},
  year={2014},
  organization={ACM}
}

@inproceedings{gonzalez2014simple,
  title={Simple or Complex? Assessing the readability of Basque texts},
  author={Gonzalez-Dios, Itziar and Aranzabe, Mar{\i}a Jes{\'u}s and de Ilarraza, Arantza D{\i}az and Salaberri, Haritz},
  booktitle={Proceedings of COLING},
  volume={2014},
  year={2014}
}

@inproceedings{dell2011read,
  title={Read-it: Assessing readability of italian texts with a view to text simplification},
  author={Dell'Orletta, Felice and Montemagni, Simonetta and Venturi, Giulia},
  booktitle={Proceedings of the second workshop on speech and language processing for assistive technologies},
  pages={73--83},
  year={2011},
  organization={Association for Computational Linguistics}
}

@inproceedings{franccois2012ai,
  title={An AI readability formula for French as a foreign language},
  author={Fran{\c{c}}ois, Thomas and Fairon, C{\'e}drick},
  booktitle={Proceedings of the 2012 Joint Conference on Empirical Methods in Natural Language Processing and Computational Natural Language Learning},
  pages={466--477},
  year={2012},
  organization={Association for Computational Linguistics}
}
