@article{robinson2000issues,

  title={Issues and trends in literacy education},

  author={Robinson, Richard D and McKenna, Michael C and Wedman, Judy M},

  year={2000}

}


@article{imadrazo2016readability,

  title={Steps towards multilingual readability assessment},

  author={Madrazo, Ion and Pera, Sole},

  year={In press},

  publisher={In process}

}


@article{denning2015readability,

  title={A readability level prediction tool for K-12 books},

  author={Denning, Joel and Pera, Maria Soledad and Ng, Yiu-Kai},

  journal={JASIST},

  year={2015}

}


@article{flesch1948new,

  title={A new readability yardstick},

  author={Flesch, Rudolph},

  journal={Journal of applied psychology},

  volume={32},

  number={3},

  pages={221},

  year={1948}

  }



  @article{gunning1952technique,

  title={The technique of clear Writing},

  author={Gunning, Robert},

  year={1952},

  publisher={McGraw-Hill, New York}

}


@inproceedings{pera2014automating,

  title={Automating readers' advisory to make book recommendations for
K-12 readers},

  author={Pera, Maria Soledad and Ng, Yiu-Kai},

  booktitle={ACM RecSys},

  pages={9--16},

  year={2014}

}


@inproceedings{gonzalez2014simple,

  title={Simple or complex? assessing the readability of Basque texts},

  author={Gonzalez-Dios, Itziar and Aranzabe, Mar{\i}a Jes{\'u}s and
de Ilarraza, Arantza D{\i}az and Salaberri, Haritz},

  booktitle={COLING},

   pages={334--344},

  year={2014}

}


@inproceedings{dell2011read,

  title={Read-it: Assessing readability of italian texts with a view
to text simplification},

  author={Dell'Orletta, Felice and Montemagni, Simonetta and Venturi, Giulia},

  booktitle={ACL Workshop on speech and language
processing for assistive technologies},

  pages={73--83},

  year={2011}

}


@inproceedings{franccois2012ai,

  title={An AI readability formula for French as a foreign language},

  author={Fran{\c{c}}ois, Thomas and Fairon, C{\'e}drick},

  booktitle={ACL EMNLP-CoNLL},

  pages={466--477},

  year={2012}

}


@article{oakhill2012precursors,

  title={The precursors of reading ability in young readers: Evidence
from a four-year longitudinal study},

  author={Oakhill, Jane V and Cain, Kate},

  journal={Scientific studies of reading},

  volume={16},

  number={2},

  pages={91--121},

  year={2012}

}


@inproceedings{wang2013personalized,

  title={Personalized ranking model adaptation for web search},

  author={Wang, Hongning and He, Xiaodong and Chang, Ming-Wei and
Song, Yang and White, Ryen W and Chu, Wei},

  booktitle={ACM SIGIR},

  pages={323--332},

  year={2013}

}


@article{sadaf2012exploring,

  title={Exploring pre-service teachers' beliefs about using Web 2.0
technologies in K-12 classroom},

  author={Sadaf, Ayesha and Newby, Timothy J and Ertmer, Peggy A},

  journal={Computers \& Education},

  volume={59},

  number={3},

  pages={937--945},

  year={2012}

}


@inproceedings{lau2006bilingual,

  title={Bilingual web page and site readability assessment},

  author={Lau, Tak Pang and King, Irwin},

  booktitle={WWW},

  pages={993--994},

  year={2006}

}