@article{medicalReadability1,
  title={Readability of online patient resources for melanoma},
  author={Ibrahim, Ahmed MS and Vargas, Christina R and Koolen, Pieter GL and Chuang, Danielle J and Lin, Samuel J and Lee, Bernard T},
  journal={Melanoma research},
  volume={26},
  number={1},
  pages={58--65},
  year={2016},
  publisher={LWW}
}